@article{bojanczyk2018polyregular,
  title={Polyregular functions},
  author={Boja{\'n}czyk, Miko{\l}aj},
  journal={arXiv preprint arXiv:1810.08760},
  year={2018}
}

@article{bojanczyk2019string,
  title={String-to-string interpretations with polynomial-size output},
  author={Boja{\'n}czyk, Miko{\l}aj and Kiefer, Sandra and Lhote, Nathan},
  journal={arXiv preprint arXiv:1905.13190},
  year={2019}
}

@inproceedings{d2017power,
  title={The power of symbolic automata and transducers},
  author={Dâ€™Antoni, Loris and Veanes, Margus},
  booktitle={Computer Aided Verification: 29th International Conference, CAV 2017, Heidelberg, Germany, July 24-28, 2017, Proceedings, Part I 30},
  pages={47--67},
  year={2017},
  organization={Springer}
}